@ARTICLE{venegas2018autopsia,
AUTHOR={Venegas, Eliana del Pliar Garz{\'o}n and G{\'o}mez, Cladelis Rubio and S{\'a}nchez, Suleima Carpeta and Segura, Jennifer V{\'e}lez and G{\'o}mez, Jenny Blanco and Moreno, Paola Andrea Beltr{\'a}n and S{\'a}nchez, Diana and Serrano, Claudia Juliana and Bonilla, Juan Carlos},
TITLE={Autopsia molecular en muerte s{\'u}bita cardiaca neonatal mediante secuenciaci{\'o}n de siguiente generaci{\'o}n (NGS): presentaci{\'o}n de un caso},
JOURNAL={Revista Repertorio de Medicina y Cirug{\'i}a},
VOLUME= {27},
ISSUE = {1},
PAGES= {39--43},
YEAR={2018}
}

@inproceedings{jennifer2,
  title={Data mining with clinical and genomic data.},
  author={Vélez, Jennifer },
  booktitle={Pycon Colombia},
   year={2018}
}

@inproceedings{u,
  title={Association of variants with clinical data in a sample of the Colombian population using the Apriori algorithm.},
  author={Vélez, Jennifer and León, Elizabeth},
  booktitle={ISCB-LA SOIBIO EMBnet},
   year={2018}
}

@inproceedings{n4,
  title={Pipeline for evaluation of coverage in clinical panels exome as quality control alignment.},
  author={Vélez,Jennifer},
  booktitle={IV CONGRESO COLOMBIANO DE BIOINFORMÁTICA Y BIOLOGÍA COMPUTACIONAL Y VIII CONFERENCIA IBEROAMERICANA DE BIOINFORMÁTICA.},
   year={2017}
}

@inproceedings{velez1,
  title={Python para bioinformática.},
  author={Vélez, Jennifer},
  booktitle={Pycon Colombia},
  year={2017}
}